@article{glasso,
    title={{Group Lasso with Overlaps: the Latent Group Lasso approach}},
    author={Guillaume Obozinski and Laurent Jacob and Jean-Philippe Vert},
    year={2011},
    month={October},
    journal={Hal Open Science}
}