@article{zhao2011,
    author={Keyan Zhao and Chih-Wei Tung and Georgia C. Eizenga and Mark H. Wright and M. Liakat Ali and Adam H. Price Gareth and J. Norton and M. Rafi qul Islam and Andy Reynolds and Jason Mezey and Anna M. McClung and
Carlos D. Bustamante and Susan R. McCouch},
title={{Genome-wide association mapping reveals
a rich genetic architecture of complex traits
in \emph{Oryza sativa}}},
journal={Nature communications},
year={2011},
month={September}
}
@article{bushmoore2012,
    author={Bush, William S. and Moore, Jason H.},
    title={{Genome-Wide Association studies}},
    year={2012},
    month={December},
    chapter={11},
    volume={8},
    journal={PLOS Computationnal Biology}
}
@article{ukbiobank1,
    title={{A fast and scalable framework for large-scale
and ultrahigh-dimensional sparse regression
with application to the UK Biobank}},
    author={Qian J, Tanigawa Y, Du W, Aguirre M,
Chang C, Tibshirani R, et al.},
year={2020},
journal={PLOS GENETICS},
month={October},
publisher={Xiaofeng Zhu, Case Western Reserve
University}
}